
@article{dumArticle,
  author =  {Authors Name},
  title =  {Article Title},
  journal = {Journel Title},
  pages = {201-208},
  volume = {1},
  number = {1},
  year = {2009}
}

@article{Sharma,
	author =  {H. Sharma and S. Sharma},
	title =  {A Review of Sensor Networks: Technologies and Applications},
	journal = {Recent Advances in Engineering and Computational Sciences},
	pages = {6-8},
	volume = {},
	number = {},
	year = {2014}
}

@article{Zhou,
	author =  {M. Zhou, Z. Tian, K. Xu, X. Yu, X. Hong, and H. Wu},
	title =  {SCaNME: Location tracking system in large-scale campus Wi-Fi environment using unlabeled mobility map},
	journal = {Expert Systems with Applications},
	pages = {3429-3443},
	volume = {41},
	number = {7},
	year = {2014}
}

@article{Bonne,
	author =  {Bonne, B. and Barzan, A. and Quax, P. and Lamotte, W.},
	title =  {WiFiPi: Involuntary tracking of visitors at mass events},
	journal = {2013 IEEE 14th International Symposium on a World of Wireless, Mobile and Multimedia Networks},
	pages = {},
	volume = {},
	number = {},
	year = {2013}
}

@article{Atkinson,
	author =  {J.S Atkinson and others},
	title =  {Your WiFi is leaking: What do your mobile apps gossip about you?},
	journal = {Future Generation Computer Systems},
	pages = {},
	volume = {},
	number = {},
	year = {2016}
}

@article{Cunche,
author =  {M. Cunche and M. Kaafar and R. Boreli},
title =  {Linking wireless devices using information contained in Wi-Fi probe requests},
journal = {Pervasive and Mobile Computing},
pages = {56-69},
volume = {11},
number = {},
year = {2014}
}

@article{Konings,
	author =  {D. Konings and A. Budel and F. Alam and F. Noble},
	title =  {Entity tracking within a Zigbee based smart home},
	journal = {Proceedings of 23rd International Conference on Mechatronics and Machine Vision in Practice},
	pages = {},
	volume = {},
	number = {},
	year = {2016}
}

@article{Greenstein,
	author =  {B. Greenstein and R. Gummadi and J. Pang and M. Chen and T. Kohno and S. Seshan and D. Wetherall},
	title =  {Can Ferris Bueller Still Have His Day Off? Protecting Privacy in the Wireless Era},
	journal = {Proceedings of 11th USENIX workshop on Hot Topics in Operating Systems},
	pages = {1-6},
	volume = {},
	number = {},
	year = {2007}
}

@article{RoseTrack,
	author = {A. Rose and J. Gutierrez del Arroyo and B. Ramsey},
	title = {Bluefinder: A Range-finding Tool for Bluetooth Classic and Low Energy},
	journal = {Proceedings of the Twelfth International Conference on Cyber Warfare and Security},
	year = {2017}
}

@article{GuiterrezIndustrial,
	author = {J. Guiterrez Del Arroyo and B. Ramsey},
	title = {Securing Bluetooth Low Energy Enabled Inudstrial Monitors},
	journal = {Proceedings of the Twelfth International Conference on Cyber Warfare and Security},
	year = {2017}
}

@article{Das,
	author = {A. Das and P. Pathak and C. Chuah and P. Mohapatra},
	title = {Uncovering Privacy Leakage in BLE Network Traffic of Wearable Fitness Trackers}
	journal = {HotMobile '16}
	pages = {99-104}
	year = {2016}
}

@article{Versichele,
	author = {M. Versichele and L. de Groote and M. Claeys Bouuaert and T. Neutens and I. Moerman and N. Van de Weghe},
	title = {Pattern mining in tourist attraction visits through association rule learning on Bluetooth tracking data: A case study of Ghent, Belgium},
	journal = {Tourism Management},
	pages = {67-81},
	volume = {44},
	number = {},
	year = {2014}
}

@article{GutierrezMulti,
	author = {J. Gutierrez del Arroyo and J. Bindewald and S. Graham and and M. Rice},
	title = {Enabling Bluetooth Low Energy Auditing through Synchronized Tracking of Multiple Connections},
	journal = {Proceedings of the Eleventh Annual IFIP WG 11.10 Conference on Critical Infrastructure Protection},
	pages = {},
	volume = {},
	number = {},
	year = {2017}
}

@article{Fawaz,
	author = {K. Fawaz and K. Kim},
	title = {Protecting Privacy of BLE Device Users This paper is included in the Proceedings of the Protecting Privacy of BLE Device Users},
	journal = {25th USENIX Security Symposium},
	pages = {},
	volume = {},
	number = {},
	year = {2016}
}

@book{rHeydon,
   author={R. Heydon},
   title={Bluetooth Low Energy: The Developer's Handbook},
   publisher={Pearson Education, Inc.},
   year={2013},
   address={Crawfordsville, Indiana}
}

@book{kurose,
	author={J. Kurose and K. Ross},
	title={Computer Networking A Top-Down Approach Featuring the Internet},
	publisher={Pearson Education, Inc.},
	year={2017},
	address={Crawfordsville, Indiana}
	edition={7th}
}

@book{skoudisCounter,
	author={E. Skoudis and T. Liston},
	title={Counter Hack Reloaded: A Step-by-Step Guide to Computer Attacks and Effective Defenses},
	publisher={Pearson Education, Inc.},
	year={2006},
	address={Upper Saddle River, NJ}
	edition={2nd}
}
	
@incollection{Badenhop,
  author = {C. Badenhop and J. Fuller and J. Hall and B. Ramsey and M. Rice},
  title =  {Evaluating ITU-T G.9959 Based Wireless Systems Used in Critical Infrastructure Assets},
  pages = {},
  editor =  {},
  booktitle =  {International Conference on Critical Infrastructure Protection},
  publisher = {Springer International Publishing},
  address = {},
  year = {2015},
  edition = {}
}

@inproceedings{dumProceedings,
  author =  {},
  title =  {},
  pages = {},
  booktitle = {},
  publisher = {},
  address = {},
  month = {},
  year = {}
}



@manual{sig4.0,
	title = {Specification of the Bluetooth System Core Version 4.0},
	organization =  {Bluetooth SIG},
	address = {},
	month = {},
	year = {2010},
	note = {\\{\em https://www.bluetooth.com/specifications/adopted-specifications/legacy-specifications}}
}

@manual{sig4.1,
	title = {Specification of the Bluetooth System Core Version 4.1},
	organization =  {Bluetooth SIG},
	address = {},
	month = {},
	year = {2010},
	note = {\\{\em https://www.bluetooth.com/specifications/adopted-specifications/legacy-specifications}}
}

@manual{sig4.2,
	title = {Specification of the Bluetooth System Core Version 4.2},
	organization =  {Bluetooth SIG},
	address = {},
	month = {},
	year = {2010},
	note = {[Last accessed on August 30, 2017], {\em www.bluetooth.com/specifications/bluetooth-core-specification}}
}

@manual{802.11,
	title = {Wireless LAN Medium Access Control, MAC, and Physical Layer, PHY, Specification}
	organization = {IEEE Standards Association}
	year = {2016},
	note = {{\em https://standards.ieee.org/about/get/802/802.11.html}}
}

@Misc{ubertooth,
	author = {M. Ossman and D. Spill},
	title = {Project Ubertooth: an open source 2.4 GHz wireless development platform suitable for Bluetooth experimentation},
	year = {2014},
	note = {Available at \\{\em ubertooth.sourceforge.net}}
}

@Misc{bluez,
	author = {BlueZ Project},
	title = {BlueZ: official Linux Bluetooth protocol stack},
	year = {2016},
	note = {Available at \\{\em bluez.org}}
}

@Misc{tcpdump,
	title = {TCPDump manual page},
	year = {2017},
	note = {[Last accessed on December 8, 2017], Available at {\em tcpdump.org/tcpdump\_man.html}}
}

@Misc{scapy,
	author = {G. Valadon and P. Lalet},
	title = {Scapy: the python-based interactive packet manipulation program and library},
	year = {2016},
	note = {Available at {\em www.secdev.org/projects/scapy}}
}


@Misc{plugable,
	author = {Plugable Technologies},
	title = {Plugable USB 2.0 Bluetooth Adapter},
	year = {2016},
	note = {Available at {\em http://plugable.com/products/usb-bt4le/}}
}

@Misc{rasbperry,
	author = {Raspberry Pi Foundation},
	note = {``Raspberry Pi 3 Model B Speicfications," 2016. [Last accessed on August 30, 2017], Available at {\em raspberrypi.org/products/raspberry-pi-3-model-b/}}
}

@Misc{homebridge,
	author = {nfarina},
	note = {``Homebridge," 2015. [Last accessed on August 30, 2017], Available at {\em github.com/nfarina/homebridge/}}
}

@Misc{ouiLookup,
	author = {Wireshark},
	title = {OUI Lookup Tool},
	note = {Available at {\em https://www.wireshark.org/tools/oui-lookup.html }}
}

@Misc{pyshark,
	author = {KimiNewt},
	title = {pyshark},
	year = {2017},
	note = {Available at {\em https://github.com/KimiNewt/pyshark}}
}

@Misc{wemo,
	author = {devbobo},
	note= {``homebridge-platform-wemo," 2017. [Last accessed on August 30, 2017], Available at {\em npmjs.com/package/homebridge-platform-wemo/}}
}

@Misc{Pwnie,
	author = {Pwnie Express},
	title = {Blue Hydra},
	year = {2016},
	note = {Available at //{\em github.com/pwnieexpress/blue-hydra/}}
}

@Article{RoseLocks,
	author = {A. Rose and B. Ramsey},
	title = {Picking Bluetooth Low Energy Locks from a Quarter Mile Away},
	year = {2016},
	note = {presented at DEF CON 24 {\em (media.defcon.org/DEF\%20CON\%2024/DEF\%20CON\%2024\%20presentations/)}}
}

@Article{Skoudis,
	author = {E. Skoudis},
	title - {Internet of Things, Voice Control, AI, and Office Automation},
	year = {2016},
	note = {presented at Derbycon 2016. [Last accessed on December 8, 2017], Available at {\em http://www.irongeek.com/i.php?page=videos/derbycon6/}}
}

@Article{Madrigal,
	author = {C. Madrigal},
	title - {Tracking/Monitoring WiFi devices without being connected to any network},
	year = {2017},
	note = {presented at Cyphercon 2.0. [Last accessed on December 8, 2017], Available at {\em http://www.irongeek.com/i.php?page=videos/cyphercon2/}}
}

@Misc{Jourdois,
	author = {S. Jourdois},
	title = {BtleJuice: Bluetooth Smart (LE) Man-in-theMiddle Framework},
	year = {2016},
	note = {Available at //{\em github.com/DigitalSecurity/btlejuice}}
}

@Misc{Slawomir,
	author = {J. Slawomir},
	title = {A Node.js Package for BLE Using Man-in-the-Middle and Other Attacks},
	year = {2016},
	note = {Available at //{\em github.com/securing/gattacker}}
}

@Website{consumerTech,
	author = {Consumer Technology Association},
	note = {``Record Year Ahead: Consumer Enthusiasm for Connectivity to Propel Tech Industry to Record-Setting Revenues," 2017. [Last accessed August 27, 2017], {\em https://www.cta.tech/News/Press-Releases/2016/January/Record-Year-Ahead-Consumer-Enthusiasm-for-Connect.aspx}}
}

@Misc{webpage,
  title = {},
  howpublished = {World Wide Web Page},
  note = {Available at \\{\em https://www./.html}}
}



@phdthesis{dumDissertation,
  author =  {},
  title =  {},
  school = {Air Force Institute of Technology},
  year = {}
}

@techreport{AFITStyle,
  organization =  {Office of Research},
  title = {STYLE GUIDE FOR AFIT DISSERTATIONS, THESES AND GRADUATE RESEARCH PAPERS },
  institution =  {Air Force Institute of Technology},
  year = 2013,
  number = {}
}

@techreport{antenna,
organization = {Radiocommunication Sector},
title= {Isolation between antennas of IMT base stations in the land mobile service},
institution = {International Telecommunication Union},
year = {2011},
number = {M.2244}
}


